<?xml version="1.0" encoding="UTF-8"?><collection xmlns="http://www.loc.gov/MARC21/slim"><record><leader>00615nam--2200193-u-4500</leader><controlfield tag="001">000056644</controlfield><controlfield tag="002">20161230</controlfield><controlfield tag="005">20161230201052</controlfield><controlfield tag="008">160404s1000------------r-----000-0-eng-d</controlfield><datafield ind1=" " ind2=" " tag="040"><subfield code="a">IFIN-HH</subfield></datafield><datafield ind1=" " ind2=" " tag="080"><subfield code="a">537.683</subfield></datafield><datafield ind1="1" ind2=" " tag="100"><subfield code="a">Stierstadt, K</subfield></datafield><datafield ind1="1" ind2="0" tag="245"><subfield code="a">Zaed experimental values of critical exponents and amplitude ratios at magnetic phase transitions</subfield><subfield code="c">K. stierstadt, r. anders, w. von horsten</subfield></datafield><datafield ind1=" " ind2=" " tag="260"><subfield code="a">Karlsruhe</subfield><subfield code="b">Fachinformationszentrum</subfield><subfield code="c">1984</subfield></datafield><datafield ind1=" " ind2=" " tag="300"><subfield code="a">144P</subfield></datafield><datafield ind1=" " ind2=" " tag="490"><subfield code="a">Physik Datten Physics Data 20-1 1984</subfield></datafield><datafield ind1="1" ind2=" " tag="700"><subfield code="a">Horrsten, W. Von</subfield></datafield><datafield ind1=" " ind2=" " tag="852"><subfield code="a">47445</subfield><subfield code="c">53.081</subfield></datafield><datafield ind1=" " ind2=" " tag="CAT"><subfield code="a">Sys</subfield><subfield code="c">20160404</subfield><subfield code="h">155350</subfield></datafield></record></collection>